<?xml version="1.0" encoding="UTF-8"?><collection xmlns="http://www.loc.gov/MARC21/slim"><record><leader>00421nam--2200157-i-4500</leader><controlfield tag="001">000048617</controlfield><controlfield tag="002">20161230</controlfield><controlfield tag="005">20170106170431</controlfield><controlfield tag="008">060222s1000------------r-----000-0-eng-d</controlfield><datafield ind1=" " ind2=" " tag="080"><subfield code="a">681.5</subfield></datafield><datafield ind1=" " ind2=" " tag="245"><subfield code="a">Avtomatizciia fizicheskogo eksperimenta i pribory dlia nauchnyh iccledovanii</subfield></datafield><datafield ind1=" " ind2=" " tag="260"><subfield code="a">Alma-Ata</subfield><subfield code="b">Izd.Nauka</subfield><subfield code="c">1984</subfield></datafield><datafield ind1=" " ind2=" " tag="300"><subfield code="a">144 S</subfield></datafield><datafield ind1=" " ind2=" " tag="700"><subfield code="a">Chasnikov, I. Ia</subfield></datafield><datafield ind1=" " ind2=" " tag="852"><subfield code="a">72204</subfield></datafield><datafield ind1=" " ind2=" " tag="CAT"><subfield code="a">SYS</subfield><subfield code="c">20170106</subfield><subfield code="h">170431</subfield></datafield></record></collection>